@BOOK{Ceska1994,
	author = "Milan ČEŠKA",
	title = "Petriho Sítě",
	year = "1994",
	publisher = "Akademické nakladatelství CERM Brno",
	isbn = "80-85867-35-4",
	abstract = "Učebnice Petriho sítí. Obsahuje definici PS, rozebírá základní problémy analýzy PS, invarianty, jazyky PS. Nezabývá se stochastickými, barvenými PS, ani dalšími rozšířeními. Končí u PT Petriho sítí s inhibitory.",
	owner = "David Martinek"
}

@MISC{simlib,
	author = "Petr PERINGER",
	title = ""SIMLIB/C++"",
	year = "Naposledy navštíveno 31. 3. 2005",
	howpublished = "[online]",
	url = "http://www.fit.vutbr.cz/~peringer/SIMLIB/"
}